@misc{ranger,
  author = {mnwright},
  title = {ranger},
  year = {2019},
  publisher = {GitHub},
  journal = {GitHub repository},
  URL = {https://github.com/imbs-hl/ranger}
}
@misc{example,
URL = {https://www.sciencedirect.com/topics/medicine-and-dentistry/gene-co-expression-network},
author = {ScienceDirect},
publisher = {ScienceDirect}
}